{
  "leader": "07179cam a2200601Ia 4500",
  "fields": [
    {
      "001": "ocm52471626\\"
    },
    {
      "003": "OCoLC"
    },
    {
      "005": "20230105154755.0"
    },
    {
      "008": "030617s2003\\\\\\\\nyua\\\\\\\\\\b\\\\\\\\011\\0beng\\\\"
    },
    {
      "010": {
        "ind1": "\\",
        "ind2": "\\",
        "subfields": [
          {
            "a": "  2003013791"
          }
        ]
      }
    },
    {
      "040": {
        "ind1": "\\",
        "ind2": "\\",
        "subfields": [
          {
            "a": "DLC"
          },
          {
            "b": "eng"
          },
          {
            "c": "DLC"
          },
          {
            "d": "NLM"
          },
          {
            "d": "BAKER"
          },
          {
            "d": "NLGGC"
          },
          {
            "d": "BTCTA"
          },
          {
            "d": "YDXCP"
          },
          {
            "d": "DEBSZ"
          },
          {
            "d": "IG#"
          },
          {
            "d": "YOM"
          },
          {
            "d": "DEBBG"
          },
          {
            "d": "YUS"
          },
          {
            "d": "MNE"
          },
          {
            "d": "BDX"
          },
          {
            "d": "OCLCF"
          },
          {
            "d": "OCLCO"
          },
          {
            "d": "OCLCA"
          },
          {
            "d": "OCLCQ"
          },
          {
            "d": "OCLCO"
          },
          {
            "d": "OCLCA"
          },
          {
            "d": "DHA"
          },
          {
            "d": "OCLCQ"
          },
          {
            "d": "KIJ"
          },
          {
            "d": "MCO"
          },
          {
            "d": "PAU"
          },
          {
            "d": "CPO"
          },
          {
            "d": "OCL"
          },
          {
            "d": "L2U"
          },
          {
            "d": "OCLCQ"
          },
          {
            "d": "CJL"
          },
          {
            "d": "OCLCQ"
          },
          {
            "d": "OCLCO"
          },
          {
            "d": "OCLCQ"
          }
        ]
      }
    },
    {
      "016": {
        "ind1": "7",
        "ind2": "\\",
        "subfields": [
          {
            "a": "101203721"
          },
          {
            "2": "DNLM"
          }
        ]
      }
    },
    {
      "019": {
        "ind1": "\\",
        "ind2": "\\",
        "subfields": [
          {
            "a": "1169133914"
          },
          {
            "a": "1170634741"
          }
        ]
      }
    },
    {
      "020": {
        "ind1": "\\",
        "ind2": "\\",
        "subfields": [
          {
            "a": "0879696982"
          },
          {
            "q": "(hc ;"
          },
          {
            "q": "alk. paper)"
          }
        ]
      }
    },
    {
      "020": {
        "ind1": "\\",
        "ind2": "\\",
        "subfields": [
          {
            "a": "9780879696986"
          },
          {
            "q": "(hc ;"
          },
          {
            "q": "alk. paper)"
          }
        ]
      }
    },
    {
      "024": {
        "ind1": "8",
        "ind2": "\\",
        "subfields": [
          {
            "a": "2027302"
          }
        ]
      }
    },
    {
      "035": {
        "ind1": "\\",
        "ind2": "\\",
        "subfields": [
          {
            "a": "(OCoLC)52471626"
          },
          {
            "z": "(OCoLC)1169133914"
          },
          {
            "z": "(OCoLC)1170634741"
          }
        ]
      }
    },
    {
      "042": {
        "ind1": "\\",
        "ind2": "\\",
        "subfields": [
          {
            "a": "pcc"
          }
        ]
      }
    },
    {
      "043": {
        "ind1": "\\",
        "ind2": "\\",
        "subfields": [
          {
            "a": "n-us---"
          }
        ]
      }
    },
    {
      "050": {
        "ind1": "0",
        "ind2": "0",
        "subfields": [
          {
            "a": "QH506.W4"
          },
          {
            "b": "I55 2003"
          }
        ]
      }
    },
    {
      "082": {
        "ind1": "0",
        "ind2": "0",
        "subfields": [
          {
            "a": "572.8092"
          },
          {
            "b": "INS"
          }
        ]
      }
    },
    {
      "245": {
        "ind1": "0",
        "ind2": "0",
        "subfields": [
          {
            "a": "Inspiring science :"
          },
          {
            "b": "Jim Watson and the age of DNA /"
          },
          {
            "c": "edited by John R. Inglis, Joseph Sambrook, Jan A. Witkowski ; with a foreword by Matt Ridley."
          }
        ]
      }
    },
    {
      "260": {
        "ind1": "\\",
        "ind2": "\\",
        "subfields": [
          {
            "a": "Cold Spring Harbor, N.Y. :"
          },
          {
            "b": "Cold Spring Harbor Laboratory,"
          },
          {
            "c": "\u00a92003."
          }
        ]
      }
    },
    {
      "300": {
        "ind1": "\\",
        "ind2": "\\",
        "subfields": [
          {
            "a": "xxxi, 503 pages :"
          },
          {
            "b": "illustrations ;"
          },
          {
            "c": "27 cm"
          }
        ]
      }
    },
    {
      "336": {
        "ind1": "\\",
        "ind2": "\\",
        "subfields": [
          {
            "a": "text"
          },
          {
            "b": "txt"
          },
          {
            "2": "rdacontent"
          }
        ]
      }
    },
    {
      "337": {
        "ind1": "\\",
        "ind2": "\\",
        "subfields": [
          {
            "a": "unmediated"
          },
          {
            "b": "n"
          },
          {
            "2": "rdamedia"
          }
        ]
      }
    },
    {
      "338": {
        "ind1": "\\",
        "ind2": "\\",
        "subfields": [
          {
            "a": "volume"
          },
          {
            "b": "nc"
          },
          {
            "2": "rdacarrier"
          }
        ]
      }
    },
    {
      "504": {
        "ind1": "\\",
        "ind2": "\\",
        "subfields": [
          {
            "a": "Includes bibliographical references (pages 477-481)."
          }
        ]
      }
    },
    {
      "505": {
        "ind1": "0",
        "ind2": "0",
        "subfields": [
          {
            "t": "Foreword /"
          },
          {
            "r": "Matt Ridley --"
          },
          {
            "t": "James D. Watson's Life and Work: A Timeline --"
          },
          {
            "g": "Section I."
          },
          {
            "t": "Origins --"
          },
          {
            "t": "Introduction: Student Days --"
          },
          {
            "t": "Phage Days in Indiana /"
          },
          {
            "r": "Renato Dulbecco --"
          },
          {
            "t": "Quiz Kids /"
          },
          {
            "r": "Gunther S. Stent --"
          },
          {
            "t": "Some Early Recollections of Jim Watson /"
          },
          {
            "r": "Seymour Benzer --"
          },
          {
            "t": "Reprint: The Properties of X-ray-inactivated Bacteriophage. I. Inactivation by Direct Effect /"
          },
          {
            "r": "James Dewey Watson --"
          },
          {
            "g": "Section II."
          },
          {
            "t": "Cambridge --"
          },
          {
            "t": "Introduction: Talking and Thinking --"
          },
          {
            "t": "Jim's Cool Reception among the British Geneticists /"
          },
          {
            "r": "Avrion Mitchison --"
          },
          {
            "t": "Recollections of Jim Watson /"
          },
          {
            "r": "Naomi Mitchison --"
          },
          {
            "t": "Our Work on Virus Structure /"
          },
          {
            "r": "Francis H.C. Crick --"
          },
          {
            "t": "One Day in the Cavendish (April 1, 1953) /"
          },
          {
            "r": "Gerald Roland Pomerat --"
          },
          {
            "t": "Jim and Syd /"
          },
          {
            "r": "Sydney Brenner --"
          },
          {
            "t": "Letter to Jim, January 14, 2002 /"
          },
          {
            "r": "Max F. Perutz --"
          },
          {
            "t": "Monday Morning Quarterback /"
          },
          {
            "r": "Elof Carlson --"
          },
          {
            "t": "\"The Night before Crickmas\" /"
          },
          {
            "r": "Rollin Hotchkiss --"
          },
          {
            "t": "Reprint: A Structure for Deoxyribose Nucleic Acid /"
          },
          {
            "r": "J.D. Watson and F.H.C. Crick --"
          },
          {
            "t": "Reprint: Genetical Implications of the Structure of Deoxyribonucleic Acid /"
          },
          {
            "r": "J.D. Watson and F.H.C. Crick --"
          },
          {
            "t": "Reprint: The Complementary Structure of Deoxyribonucleic Acid /"
          },
          {
            "r": "F.H.C. Crick and J.D. Watson --"
          },
          {
            "t": "1953 Symposium --"
          },
          {
            "t": "Introduction: A Day in June --"
          },
          {
            "t": "Memories of the 1953 Symposium /"
          },
          {
            "r": "Robert L. Sinsheimer, Julius Marmur, Charles Yanofsky, Louis Siminovitch, Frank Fenner, Roy J. Britten, Howard Green, Theodore T. Puck, Waclaw Szybalski, Joseph S. Gots and Hillary Koprowski --"
          },
          {
            "t": "Symposium on \"Viruses\" /"
          },
          {
            "r": "The Long-Islander Article --"
          },
          {
            "t": "Letter to Max Delbruck /"
          },
          {
            "r": "James D. Watson --"
          },
          {
            "t": "Reprint: The Structure of DNA /"
          },
          {
            "r": "J.D. Watson and F.H.C. Crick --"
          },
          {
            "t": "Nobel Banquet Speech /"
          },
          {
            "r": "James D. Watson --"
          },
          {
            "g": "Section III."
          },
          {
            "t": "Career Scientist --"
          },
          {
            "t": "Introduction: Caltech, Cambridge, and Harvard --"
          },
          {
            "t": "Remembering Delbruck /"
          },
          {
            "r": "James D. Watson --"
          },
          {
            "t": "Does RNA Form a Double Helix? /"
          },
          {
            "r": "Alexander Rich --"
          },
          {
            "t": "Flowers and Phage /"
          },
          {
            "r": "Joan Steitz --"
          },
          {
            "t": "On the Edge: My Time in Jim Watson's Lab /"
          },
          {
            "r": "Benno Muller-Hill --"
          },
          {
            "t": "When Ribosomes Were King /"
          },
          {
            "r": "Alfred Tissieres --"
          },
          {
            "t": "It Smells Right /"
          },
          {
            "r": "Lionel V. Crawford --"
          },
          {
            "t": "Excerpt from Naturalist /"
          },
          {
            "r": "Edward O. Wilson --"
          },
          {
            "t": "Growing Up Around Jim /"
          },
          {
            "r": "Jeffrey H. Miller --"
          },
          {
            "t": "Seems Simple, Very Hard to Do /"
          },
          {
            "r": "Mark Ptashne --"
          },
          {
            "t": "Watson at Harvard (1956-1976) /"
          },
          {
            "r": "Paul Doty --"
          },
          {
            "t": "Reprint: Structure of Small Viruses /"
          },
          {
            "r": "F.H.C. Crick and J.D. Watson --"
          },
          {
            "t": "Reprint: Unstable Ribonucleic Acid Revealed by Pulse Labelling of Escherichia coli /"
          },
          {
            "r": "F. Gros, H. Hiatt, W. Gilbert, C.G. Kurland, R.W. Risebrough and J.D. Watson --"
          },
          {
            "g": "Section IV."
          },
          {
            "t": "Cold Spring Harbor --"
          },
          {
            "t": "Introduction: An Emotional Attachment --"
          },
          {
            "t": "Cold Spring Harbor 1958-1968: The Years between Demerec and Watson /"
          },
          {
            "r": "John Cairns --"
          },
          {
            "t": "Life with Jim /"
          },
          {
            "r": "Norton D. Zinder --"
          },
          {
            "t": "CSHL in the Sixties: A View from the Trenches /"
          },
          {
            "r": "Ann Skalka --"
          },
          {
            "t": "Reprint: Cold Spring Harbor Laboratory Director's Report, 1989 /"
          },
          {
            "r": "James D. Watson --"
          },
          {
            "t": "Jim as a Mentor, 1971-1974 /"
          },
          {
            "r": "Phillip A. Sharp --"
          },
          {
            "t": "From Development of Yeast Cells to Human Brain Hemispheres /"
          },
          {
            "r": "Amar J.S. Klar --"
          },
          {
            "t": "Big Shoes to Fill, with the Laces Untied /"
          },
          {
            "r": "Bruce Stillman --"
          },
          {
            "t": "Just Jim /"
          },
          {
            "r": "Michael Wigler --"
          },
          {
            "t": "Milestones and Mentoring: How Jim Watson Influenced a Scientific Career /"
          },
          {
            "r": "Douglas Hanahan --"
          },
          {
            "t": "CSHL in Transition /"
          },
          {
            "r": "Raymond F. Gesteland --"
          },
          {
            "t": "Cold Spring Harbor and Recombinant DNA /"
          },
          {
            "r": "Thomas Maniatis --"
          },
          {
            "t": "Reprint: Origin of Concatemeric T7 DNA /"
          },
          {
            "r": "J.D. Watson --"
          },
          {
            "t": "Jim and the Board: Behind the Scenes /"
          },
          {
            "r": "Bayard Clarkson --"
          },
          {
            "t": "Vision, Innovation, Breadth, and Strength /"
          },
          {
            "r": "David L. Luke III --"
          },
          {
            "t": "Portraits: Robertson, Pulling, and Grace /"
          },
          {
            "r": "James D. Watson --"
          },
          {
            "t": "Morning on the Porch /"
          },
          {
            "r": "Jim Eisenman --"
          },
          {
            "t": "Architect at the Lab: Some Personal Recollections /"
          },
          {
            "r": "William Grover --"
          },
          {
            "g": "Section V."
          },
          {
            "t": "Genomes --"
          },
          {
            "t": "Introduction: Managing the Genome --"
          },
          {
            "t": "Dr. Watson Goes to Washington /"
          },
          {
            "r": "Bradie Metheny --"
          },
          {
            "t": "Jim Watson and the Human Genome Project /"
          },
          {
            "r": "James B. Wyngaarden --"
          },
          {
            "t": "Colossus of Codes /"
          },
          {
            "r": "Robert Cook-Deegan --"
          },
          {
            "t": "Jim and the Japanese Human Genome Project /"
          },
          {
            "r": "Kenichi Matsubara --"
          },
          {
            "t": "Climbing the Ladder of Life: James D. Watson and the ELSI Years /"
          },
          {
            "r": "Nancy Wexler --"
          },
          {
            "g": "Section VI."
          },
          {
            "t": "Education --"
          },
          {
            "t": "Introduction: Communicating Science --"
          },
          {
            "t": "Pied Piper at Harvard /"
          },
          {
            "r": "David Botstein --"
          },
          {
            "t": "There Is More Yet to Come /"
          },
          {
            "r": "Arnold J. Levine --"
          },
          {
            "t": "What I Have Learned from Jim /"
          },
          {
            "r": "Bruce M. Alberts --"
          },
          {
            "t": "On Drawing Molecules /"
          },
          {
            "r": "Keith Roberts --"
          },
          {
            "t": "Education by the Sea Shore /"
          },
          {
            "r": "Jan Witkowski and John Inglis."
          }
        ]
      }
    },
    {
      "520": {
        "ind1": "\\",
        "ind2": "\\",
        "subfields": [
          {
            "a": "Behind Watson's public notoriety as outspoken, abrasive, and ruthless in pursuing his goals, there is a complexity apparent to those who know him as a colleague, mentor, inspiration, and friend. This book gives voice to forty-three of these individuals--people of distinction who have worked with Watson as a scientist, educator, author, administrator, and government official. Their essays cover much of his scientific life and, taken together, create a portrait of a complex man whose originality and force of will have produced extraordinary achievements."
          }
        ]
      }
    },
    {
      "600": {
        "ind1": "1",
        "ind2": "0",
        "subfields": [
          {
            "a": "Watson, James D.,"
          },
          {
            "d": "1928-"
          }
        ]
      }
    },
    {
      "650": {
        "ind1": "\\",
        "ind2": "0",
        "subfields": [
          {
            "a": "Molecular biologists"
          },
          {
            "z": "United States"
          },
          {
            "v": "Biography."
          }
        ]
      }
    },
    {
      "650": {
        "ind1": "\\",
        "ind2": "0",
        "subfields": [
          {
            "a": "DNA."
          }
        ]
      }
    },
    {
      "600": {
        "ind1": "1",
        "ind2": "2",
        "subfields": [
          {
            "a": "Watson, James D.,"
          },
          {
            "d": "1928-"
          }
        ]
      }
    },
    {
      "650": {
        "ind1": "1",
        "ind2": "2",
        "subfields": [
          {
            "a": "Molecular Biology"
          }
        ]
      }
    },
    {
      "650": {
        "ind1": "2",
        "ind2": "2",
        "subfields": [
          {
            "a": "DNA"
          }
        ]
      }
    },
    {
      "651": {
        "ind1": "\\",
        "ind2": "2",
        "subfields": [
          {
            "a": "United States"
          }
        ]
      }
    },
    {
      "600": {
        "ind1": "1",
        "ind2": "7",
        "subfields": [
          {
            "a": "Watson, James D.,"
          },
          {
            "d": "1928-"
          },
          {
            "2": "fast"
          },
          {
            "0": "(OCoLC)fst00049920"
          }
        ]
      }
    },
    {
      "650": {
        "ind1": "\\",
        "ind2": "7",
        "subfields": [
          {
            "a": "DNA."
          },
          {
            "2": "fast"
          },
          {
            "0": "(OCoLC)fst00886555"
          }
        ]
      }
    },
    {
      "650": {
        "ind1": "\\",
        "ind2": "7",
        "subfields": [
          {
            "a": "Molecular biologists."
          },
          {
            "2": "fast"
          },
          {
            "0": "(OCoLC)fst01024733"
          }
        ]
      }
    },
    {
      "651": {
        "ind1": "\\",
        "ind2": "7",
        "subfields": [
          {
            "a": "United States."
          },
          {
            "2": "fast"
          },
          {
            "0": "(OCoLC)fst01204155"
          }
        ]
      }
    },
    {
      "655": {
        "ind1": "\\",
        "ind2": "2",
        "subfields": [
          {
            "a": "Biography"
          }
        ]
      }
    },
    {
      "655": {
        "ind1": "\\",
        "ind2": "2",
        "subfields": [
          {
            "a": "Festschrift"
          }
        ]
      }
    },
    {
      "655": {
        "ind1": "\\",
        "ind2": "7",
        "subfields": [
          {
            "a": "Biographies."
          },
          {
            "2": "fast"
          },
          {
            "0": "(OCoLC)fst01919896"
          }
        ]
      }
    },
    {
      "655": {
        "ind1": "\\",
        "ind2": "7",
        "subfields": [
          {
            "a": "Biographies."
          },
          {
            "2": "lcgft"
          }
        ]
      }
    },
    {
      "655": {
        "ind1": "\\",
        "ind2": "7",
        "subfields": [
          {
            "a": "Festschriften."
          },
          {
            "2": "lcgft"
          }
        ]
      }
    },
    {
      "700": {
        "ind1": "1",
        "ind2": "\\",
        "subfields": [
          {
            "a": "Inglis, J. R."
          },
          {
            "q": "(John R.)"
          }
        ]
      }
    },
    {
      "700": {
        "ind1": "1",
        "ind2": "\\",
        "subfields": [
          {
            "a": "Sambrook, Joseph."
          }
        ]
      }
    },
    {
      "700": {
        "ind1": "1",
        "ind2": "\\",
        "subfields": [
          {
            "a": "Witkowski, J. A."
          },
          {
            "q": "(Jan Anthony),"
          },
          {
            "d": "1947-"
          }
        ]
      }
    },
    {
      "856": {
        "ind1": "4",
        "ind2": "1",
        "subfields": [
          {
            "3": "Table of contents"
          },
          {
            "u": "https://www.loc.gov/catdir/toc/ecip045/2003013791.html"
          }
        ]
      }
    },
    {
      "994": {
        "ind1": "\\",
        "ind2": "\\",
        "subfields": [
          {
            "a": "Z0"
          },
          {
            "b": "NYRVC"
          }
        ]
      }
    },
    {
      "948": {
        "ind1": "\\",
        "ind2": "\\",
        "subfields": [
          {
            "h": "NO HOLDINGS IN NYRVC - 404 OTHER HOLDINGS"
          }
        ]
      }
    },
    {
      "999": {
        "ind1": "\\",
        "ind2": "\\",
        "subfields": [
          {
            "a": "00000000012866"
          }
        ]
      }
    }
  ]
}